@Book{abramowitz+stegun,
 author    = "",
 title     = "",
 publisher = "",
 year      =  ,
 address   = "",
 edition   = ""
}
